@incollection{Duchateau2016,
    title = {{Applied Superconductivity for fusion}},
    year = {2016},
    booktitle = {Applied Superconductivity for fusion},
    author = {Duchateau, Jean-Luc},
    chapter = {Supercondu}
}

@article{Sheffield1994,
    title = {{The physics of magnetic fusion reactors}},
    year = {1994},
    journal = {Reviews of Modern Physics},
    author = {Sheffield, John},
    number = {3},
    pages = {1015--1103},
    volume = {66},
    isbn = {0034-6861},
    doi = {10.1103/RevModPhys.66.1015},
    issn = {00346861}
}

@book{Wesson2004,
    title = {{Tokamaks}},
    year = {2004},
    author = {Wesson, John},
    edition = {3rd},
    publisher = {Oxford University Press},
    doi = {10.1017/S0022377804003058}
}