@incollection{Duchateau2016,
    title = {{Applied Superconductivity for fusion}},
    year = {2016},
    booktitle = {Applied Superconductivity for fusion},
    author = {Duchateau, Jean-Luc},
    chapter = {Supercondu}
}

@article{ITERphysics_chap2,
    title = {{Chapter 2: Plasma confinement and transport}},
    year = {1999},
    journal = {Nuclear Fusion},
    author = {{ITER Physics Expert Group on Confinement and Transport and Confinement Modelling and Database} and {ITER Physics Basis Editors}},
    number = {12},
    month = {12},
    pages = {2175--2249},
    volume = {39},
    url = {http://stacks.iop.org/0029-5515/39/i=12/a=302?key=crossref.c457c1e0ef9f22c2316445d85184a82d},
    doi = {10.1088/0029-5515/39/12/302},
    issn = {0029-5515}
}

@book{FusionCEA1987,
    title = {{La fusion thermonucl{\'{e}}aire contr{\^{o}}l{\'{e}}e par confinement magn{\'{e}}tique}},
    year = {1987},
    editor = {{Collection CEA}},
    publisher = {Masson}
}

@article{Greenwald2002,
    title = {{Density limits in toroidal plasmas}},
    year = {2002},
    journal = {Plasma Physics and Controlled Fusion},
    author = {Greenwald, Martin},
    number = {8},
    month = {8},
    pages = {201},
    volume = {44},
    url = {http://stacks.iop.org/0741-3335/44/i=8/a=201?key=crossref.10b223c9bfedf85db5ed007f2fdae8a5},
    doi = {10.1088/0741-3335/44/8/201},
    issn = {07413335}
}

@article{Huba2013,
    title = {{NRL PLASMA FORMULARY Supported by The Office of Naval Research}},
    year = {2013},
    journal = {Plasma Physics},
    author = {Huba, J D},
    pages = {1--71},
    url = {http://wwwppd.nrl.navy.mil/nrlformulary/},
    isbn = {9781234126070},
    doi = {10.1109/MEI.2003.1178121},
    issn = {0883-7554}
}

@book{FusionCEA1987,
    title = {{La fusion thermonucl\'eaire contr\^ol\'ee par confinement magn\'etique}},
    year = {1987},
    author = {Collection du Commissariat \`a l'\'energie atomique},
    pages = {417},
    volume = {},
    publisher = {Masson, S\'erie Scientifique},
    url = {},
    isbn = {2-225-81284-5},
    doi = {},
    issn = {0767-8282},
    pmid = {},
    arxivId = {},
    keywords = {}
}

@book{Freidberg2007,
    title = {{Plasma Physics and Fusion Energy}},
    year = {2007},
    author = {Freidberg, Jeffrey P},
    pages = {671},
    volume = {1},
    publisher = {Cambridge University Press},
    url = {http://books.google.com/books?hl=en&amp;lr=&amp;id=Vyoe88GEVz4C&amp;oi=fnd&amp;pg=PA3&amp;dq=Plasma+physics+and+fusion+energy&amp;ots=YvnpbizFsX&amp;sig=Cu0BZ0VcBGR0LHPrYF0bJZRR3KQ},
    isbn = {9788578110796},
    doi = {10.1017/CBO9781107415324.004},
    issn = {1098-6596},
    pmid = {25246403},
    arxivId = {arXiv:1011.1669v3},
    keywords = {icle}
}

@article{Johner2011,
    title = {{HELIOS: a zero-dimensional tool for next step and reactor studies}},
    year = {1984},
    journal = {Fusion Science and Technology},
    author = {Johner, Jean},
    number = {},
    month = {2},
    pages = {308--349},
    volume = {59},
    url = {},
    doi = {},
    issn = {}
}

@article{Troyon1984,
    title = {{MHD-Limits to Plasma Confinement}},
    year = {1984},
    journal = {Plasma Physics and Controlled Fusion},
    author = {Troyon, F and Gruber, R and Saurenmann, H and Semenzato, S and Succi, S},
    number = {1A},
    month = {1},
    pages = {209--215},
    volume = {26},
    url = {http://stacks.iop.org/0741-3335/26/i=1A/a=319?key=crossref.cae719754c2ff814c52af095f5977ea4},
    doi = {10.1088/0741-3335/26/1A/319},
    issn = {0741-3335}
}

@article{Sheffield1994,
    title = {{The physics of magnetic fusion reactors}},
    year = {1994},
    journal = {Reviews of Modern Physics},
    author = {Sheffield, John},
    number = {3},
    pages = {1015--1103},
    volume = {66},
    isbn = {0034-6861},
    doi = {10.1103/RevModPhys.66.1015},
    issn = {00346861}
}

@book{Wesson2004,
    title = {{Tokamaks}},
    year = {2004},
    author = {Wesson, John},
    edition = {3rd},
    publisher = {Oxford University Press},
    doi = {10.1017/S0022377804003058}
}

 